@misc{Reese,
   author= "Daniel Reese",
   title= "Polygraphic Part 2 - Hill Ciphers Examples/Encryption/Decryption",
   date="23 April 2014",
   url= "https://www.youtube.com/watch?v=kfmNeskzs2o"

@misc{USW,
   author= "USW GlamorganUniversity"
   title= "Maths Degree Lecture: Mathematics of Codes and Code-Breaking",
   date= "7 February 2012",
   url= "https://www.youtube.com/watch?v=9cNBoRh64yI"

@misc{Deutsches,
   title= "History of Espionage",
   url= "https://www.deutsches-spionagemuseum.de/en/espionage/"

@misc{Jones,
   author= "Patrick Jones"
   title="Abstract Algebra 5.6: Permutations and Cryptography",
   date= "14 September 2018",
   url= "https://www.youtube.com/watch?v=vX-n-vN_VWA"

@misc{Al-Tayeb,
   author= "Tari Al-Tayeb",
   title="Al-Kindi, Cryptography, Code Breaking and Ciphers",
   url= "http://www.muslimheritage.com/article/al-kindi-cryptography-code-breaking-and-ciphers"

@book{Barker 1,
   author= "Wayne G. Barker",
   title= "The History of Codes and Ciphers in the United States Prior to World War I",
   pages= "1-18"
   city= "Laguna Hills, Calif."
   publisher= "Aegean Park Press"
   date= "1979"

@misc{Haran 1,
   author= "Brady Haran"
   title= "158,962,555,217,826,360,000 (Enigma Machine) - Numberphile"
   publisher= "Numberphile"
   date= "10 January 2013"
   url= "https://www.youtube.com/watch?v=G2_Q9FoD-oQ"

@misc{Haran 2,
   author= "Brady Haran"
   title= "Flaw in the Enigma Code - Numberphile"
   publisher= "Numberphile"
   date= "14 January 2013"
   url="https://www.youtube.com/watch?v=V4V2bpZlqx8"

@misc{Zgraggen,
   author= "Rene(accent) Zgraggen"
   title= "V=Scytale / Skytale - Kryptologie"
   date= "16 March 2015"
   url="https://youtu.be/KJpYA7pyFwQ"

@misc{Insall,
   author="Matt Insall and Eric W. Wesstein"
   title="Modular Arithmetic."
   publisher= "From \emph{MathWorld}--A Wolfram Web Resource"
   url="http://mathworld.wolfram.com/ModularArithmetic.html"
